
@techreport{britton2023,
	title = {Unveiling school effectiveness: Progress 8, parental choices and closing the achievement gap},
	author = {Britton, J and Clark, D and Lee, I},
	year = {2023},
	month = {09},
	date = {2023-09-19},
	url = {https://ifs.org.uk/publications/unveiling-school-effectiveness-progress-8-parental-choices-and-closing-achievement-gap},
	langid = {en}
}

@book{rossell1990,
	title = {The Carrot or the Stick for School Desegregation Policy: Magnet Schools or Forced Busing},
	author = {Rossell, Christine H.},
	year = {1990},
	date = {1990},
	publisher = {Temple University Press},
	url = {https://www.jstor.org/stable/j.ctt14bt4t1}
}

@techreport{claymore2023,
	title = {Being Present: the Power of Attendance and Stability for Disadvantaged Pupils},
	author = {Claymore, Zoe},
	year = {2023},
	date = {2023},
	url = {https://www.nfer.ac.uk/publications/being-present-the-power-of-attendance-and-stability-for-disadvantaged-pupils/},
	langid = {en}
}

@techreport{riordan2021,
	title = {Against the odds: achieving greater progress for secondary students facing socio-economic disadvantage},
	author = {Riordan, S and Jopling, M and Starr, S},
	year = {2021},
	date = {2021},
	url = {https://www.gov.uk/government/publications/against-the-odds},
	langid = {en}
}

@techreport{claymore2023a,
	title = {Being Present: the Power of Attendance and Stability for Disadvantaged Pupils},
	author = {Claymore, Zoe},
	year = {2023},
	date = {2023},
	url = {https://www.nfer.ac.uk/publications/being-present-the-power-of-attendance-and-stability-for-disadvantaged-pupils/},
	langid = {en}
}
